<record><leader>00000cas a2200000 a 4500</leader><controlfield tag="001">31232271</controlfield><controlfield tag="008">941006d1891189uiluwr ne      0   a0eng c</controlfield><datafield ind1=" " ind2=" " tag="010"><subfield code="a">sn 94060678 </subfield></datafield><datafield ind1=" " ind2=" " tag="040"><subfield code="a">NVF</subfield><subfield code="b">eng</subfield><subfield code="c">NVF</subfield><subfield code="d">NVF</subfield><subfield code="d">OCLCQ</subfield><subfield code="d">OCLCF</subfield><subfield code="d">OCLCO</subfield><subfield code="d">NVF</subfield></datafield><datafield ind1=" " ind2=" " tag="042"><subfield code="a">pcc</subfield></datafield><datafield ind1=" " ind2=" " tag="043"><subfield code="a">n-us-il</subfield></datafield><datafield ind1="0" ind2=" " tag="130"><subfield code="a">Harvey tribune (Harvey, Ill. : 1893)</subfield></datafield><datafield ind1="1" ind2="4" tag="245"><subfield code="a">The Harvey tribune.</subfield></datafield><datafield ind1=" " ind2=" " tag="260"><subfield code="a">Harvey, Ill. :</subfield><subfield code="b">Harvey Print. Co.</subfield></datafield><datafield ind1=" " ind2=" " tag="300"><subfield code="a">v.</subfield></datafield><datafield ind1=" " ind2=" " tag="310"><subfield code="a">Weekly</subfield></datafield><datafield ind1=" " ind2=" " tag="580"><subfield code="a">Merged with: Harvey citizen, to form: Harvey tribune-citizen.</subfield></datafield><datafield ind1=" " ind2=" " tag="588"><subfield code="a">Description based on: Vol. 3, no. 16 (June 3, 1893).</subfield></datafield><datafield ind1=" " ind2=" " tag="588"><subfield code="a">Latest issue consulted: Vol. 3, no. 16 (June 3, 1893).</subfield></datafield><datafield ind1=" " ind2="0" tag="651"><subfield code="a">Harvey (Ill.)</subfield><subfield code="v">Newspapers.</subfield></datafield><datafield ind1=" " ind2="7" tag="651"><subfield code="a">Illinois</subfield><subfield code="z">Harvey.</subfield><subfield code="2">fast</subfield><subfield code="0">(OCoLC)fst01264465</subfield></datafield><datafield ind1=" " ind2="7" tag="655"><subfield code="a">Newspapers.</subfield><subfield code="2">fast</subfield><subfield code="0">(OCoLC)fst01423814</subfield></datafield><datafield ind1=" " ind2=" " tag="752"><subfield code="a">United States</subfield><subfield code="b">Illinois</subfield><subfield code="c">Cook</subfield><subfield code="d">Harvey.</subfield></datafield><datafield ind1="0" ind2="0" tag="780"><subfield code="t">Harvey tribune-headlight</subfield><subfield code="w">(DLC)sn 94060677</subfield><subfield code="w">(OCoLC)31232233</subfield></datafield><datafield ind1="1" ind2="7" tag="785"><subfield code="t">Harvey citizen</subfield><subfield code="w">(DLC)sn 94060673</subfield><subfield code="w">(OCoLC)31232302</subfield></datafield><datafield ind1="1" ind2="7" tag="785"><subfield code="t">Harvey tribune-citizen</subfield><subfield code="w">(DLC)sn 94060679</subfield><subfield code="w">(OCoLC)31232335</subfield></datafield><datafield ind1="1" ind2=" " tag="029"><subfield code="a">AU@</subfield><subfield code="b">000011309929</subfield></datafield></record>